<?xml version="1.0"?>
<collection xmlns="http://www.loc.gov/MARC21/slim">
  <record>
    <leader>02956nam a2200589 a 4500</leader>
    <controlfield tag="001">cihm_29329</controlfield>
    <controlfield tag="003">CaSfIA</controlfield>
    <controlfield tag="005">20160212080639.0</controlfield>
    <controlfield tag="007">cr||||||||||||</controlfield>
    <controlfield tag="008">831223s1888    dcuad   bb    001 0 eng d</controlfield>
    <datafield tag="020" ind1=" " ind2=" ">
      <subfield code="a">0665293291 (v. 2)</subfield>
    </datafield>
    <datafield tag="035" ind1=" " ind2=" ">
      <subfield code="a">ocm10459632</subfield>
    </datafield>
    <datafield tag="040" ind1=" " ind2=" ">
      <subfield code="a">CaOOCIHM</subfield>
      <subfield code="b">eng</subfield>
      <subfield code="d">AEU</subfield>
      <subfield code="d">CaSfIA</subfield>
    </datafield>
    <datafield tag="043" ind1=" " ind2=" ">
      <subfield code="a">n-cn-nt</subfield>
      <subfield code="a">n-gl---</subfield>
      <subfield code="a">r------</subfield>
    </datafield>
    <datafield tag="082" ind1="0" ind2=" ">
      <subfield code="a">550.97195</subfield>
      <subfield code="2">19</subfield>
    </datafield>
    <datafield tag="090" ind1=" " ind2=" ">
      <subfield code="a">FC 02 0203 no. 29329</subfield>
      <subfield code="b">AEU</subfield>
    </datafield>
    <datafield tag="100" ind1="1" ind2=" ">
      <subfield code="a">Greely, A. W.</subfield>
      <subfield code="q">(Adolphus Washington),</subfield>
      <subfield code="d">1844-1935</subfield>
    </datafield>
    <datafield tag="245" ind1="1" ind2="0">
      <subfield code="a">Report on the proceedings of the United States expedition to Lady Franklin Bay, Grinnell Land</subfield>
      <subfield code="h">[electronic resource] </subfield>
      <subfield code="c">by Adolphus W. Greely.</subfield>
    </datafield>
    <datafield tag="260" ind1=" " ind2=" ">
      <subfield code="a">Washington :</subfield>
      <subfield code="b">G.P.O.,</subfield>
      <subfield code="c">1888.</subfield>
    </datafield>
    <datafield tag="300" ind1=" " ind2=" ">
      <subfield code="a">10 microfiches (430 fr.) :</subfield>
      <subfield code="b">ill., charts.</subfield>
    </datafield>
    <datafield tag="490" ind1="1" ind2=" ">
      <subfield code="a">CIHM/ICMH Microfiche series = CIHM/ICMH collection de microfiches ;</subfield>
      <subfield code="v">no. 29329</subfield>
    </datafield>
    <datafield tag="500" ind1=" " ind2=" ">
      <subfield code="a">At head of title: International Polar Expedition.</subfield>
    </datafield>
    <datafield tag="500" ind1=" " ind2=" ">
      <subfield code="a">"Volume II."</subfield>
    </datafield>
    <datafield tag="500" ind1=" " ind2=" ">
      <subfield code="a">Part of a CIHM set. For individual microfiches in this set see CIHM microfiche nos. 29327-29329.</subfield>
    </datafield>
    <datafield tag="500" ind1=" " ind2=" ">
      <subfield code="a">Tables.</subfield>
    </datafield>
    <datafield tag="500" ind1=" " ind2=" ">
      <subfield code="a">"Authorities on arctic meteorology" [bibliography]--p. 455-474.</subfield>
    </datafield>
    <datafield tag="504" ind1=" " ind2=" ">
      <subfield code="a">Includes index.</subfield>
    </datafield>
    <datafield tag="533" ind1=" " ind2=" ">
      <subfield code="a">Filmed from a copy of the original publication held by the National Library of Canada.</subfield>
      <subfield code="b">Ottawa :</subfield>
      <subfield code="c">Canadian Institute for Historical Microreproductions,</subfield>
      <subfield code="d">1982.</subfield>
    </datafield>
    <datafield tag="534" ind1=" " ind2=" ">
      <subfield code="e">vi, 738 p. : ill., charts ; 30 cm.</subfield>
    </datafield>
    <datafield tag="596" ind1=" " ind2=" ">
      <subfield code="a">43</subfield>
    </datafield>
    <datafield tag="650" ind1=" " ind2="0">
      <subfield code="a">Tides</subfield>
      <subfield code="z">Northwest Territories</subfield>
      <subfield code="z">Ellesmere Island</subfield>
      <subfield code="x">Observations.</subfield>
    </datafield>
    <datafield tag="650" ind1=" " ind2="0">
      <subfield code="a">Meteorology</subfield>
      <subfield code="z">Northwest Territories</subfield>
      <subfield code="z">Ellesmere Island</subfield>
      <subfield code="x">Observations.</subfield>
    </datafield>
    <datafield tag="650" ind1=" " ind2="0">
      <subfield code="a">Meteorology</subfield>
      <subfield code="z">Arctic regions</subfield>
      <subfield code="x">Bibliography.</subfield>
    </datafield>
    <datafield tag="650" ind1=" " ind2="0">
      <subfield code="a">Zoology</subfield>
      <subfield code="z">Northwest Territories</subfield>
      <subfield code="z">Ellesmere Island.</subfield>
    </datafield>
    <datafield tag="650" ind1=" " ind2="0">
      <subfield code="a">Botany</subfield>
      <subfield code="z">Northwest Territories</subfield>
      <subfield code="z">Ellesmere Island.</subfield>
    </datafield>
    <datafield tag="650" ind1=" " ind2="0">
      <subfield code="a">Magnetism, Terrestrial</subfield>
      <subfield code="z">Northwest Territories</subfield>
      <subfield code="z">Ellesmere Island </subfield>
      <subfield code="x">Observations.</subfield>
    </datafield>
    <datafield tag="650" ind1=" " ind2="0">
      <subfield code="a">Astronomy</subfield>
      <subfield code="z">Northwest Territories</subfield>
      <subfield code="z">Ellesmere Island</subfield>
      <subfield code="x">Observations.</subfield>
    </datafield>
    <datafield tag="650" ind1=" " ind2="0">
      <subfield code="a">Astronomy</subfield>
      <subfield code="z">Greenland</subfield>
      <subfield code="x">Observations.</subfield>
    </datafield>
    <datafield tag="650" ind1=" " ind2="0">
      <subfield code="a">Gravity</subfield>
      <subfield code="z">Northwest Territories</subfield>
      <subfield code="z">Ellesmere Island</subfield>
      <subfield code="x">Observations.</subfield>
    </datafield>
    <datafield tag="650" ind1=" " ind2="6">
      <subfield code="a">Mar&#xC3;&#xA9;es</subfield>
      <subfield code="z">Territoires du Nord-Ouest</subfield>
      <subfield code="z">Ellesmere, Ile</subfield>
      <subfield code="x">Observation</subfield>
    </datafield>
    <!-- No separator at end of field length=70 -->
    <!-- Bad indicator data. Skipping 2 bytes -->
    <datafield tag="650" ind1=" " ind2="6">
      <subfield code="a">M&#xC3;&#xA9;t&#xC3;&#xA9;orologie</subfield>
      <subfield code="z">Territoires du Nord-Ouest</subfield>
      <subfield code="z">Ellesmere, Ile</subfield>
      <subfield code="x">Observati</subfield>
    </datafield>
    <!-- No separator at end of field length=77 -->
    <datafield tag="650" ind1="i" ind2="o">
      <subfield code="s">.</subfield>
    </datafield>
    <!-- Separator but not at end of field length=55 -->
    <datafield tag="650" ind1="l" ind2="i">
      <subfield code="g">raphie.</subfield>
    </datafield>
    <!-- Separator but not at end of field length=57 -->
    <datafield tag="650" ind1="s" ind2="m">
      <subfield code="r">e, Ile.</subfield>
    </datafield>
    <!-- Separator but not at end of field length=58 -->
    <datafield tag="650" ind1="s" ind2="m">
      <subfield code="r">e, Ile.</subfield>
    </datafield>
    <!-- Separator but not at end of field length=85 -->
    <datafield tag="650" ind1="O" ind2="b">
      <subfield code="e">rvations.</subfield>
    </datafield>
    <!-- Separator but not at end of field length=73 -->
    <datafield tag="650" ind1="O" ind2="b">
      <subfield code="e">rvations.</subfield>
    </datafield>
    <!-- Separator but not at end of field length=41 -->
    <datafield tag="650" ind1="O" ind2="b">
      <subfield code="e">rvations.</subfield>
    </datafield>
    <!-- Separator but not at end of field length=71 -->
    <!-- Bad indicator data. Skipping 1 bytes -->
    <datafield tag="710" ind1="x" ind2="O">
      <subfield code="s">ervations.</subfield>
    </datafield>
    <!-- Separator but not at end of field length=36 -->
    <datafield tag="830" ind1="l" ind2="a">
      <subfield code=" ">Expedition.</subfield>
    </datafield>
    <!-- Separator but not at end of field length=45 -->
    <datafield tag="856" ind1="4" ind2="1">
      <subfield code="u">http://archive.org/details/cihm_29329</subfield>
      <subfield code="z">Free eBook from the Internet Archive</subfield>
    </datafield>
    <datafield tag="856" ind1="4" ind2="2">
      <subfield code="u">http://www.openlibrary.org/books/OL24231375M</subfield>
      <subfield code="z">Additional information and access via Open Library</subfield>
    </datafield>
    <!-- Separator but not at end of field length=22 -->
    <datafield tag="016" ind1="H" ind2="S">
      <subfield code="M">F</subfield>
      <subfield code="z">CIHMMPR</subfield>
    </datafield>
    <!-- No separator at end of field length=15 -->
    <!-- Bad indicator data. Skipping 1 bytes -->
    <!-- Separator but not at end of field length=58 -->
  </record>
</collection>
